@misc{proofmethodsinrandommatrixtheory,
	title={Proof Methods in Random Matrix Theory}, 
	author={Michael Fleermann and Werner Kirsch},
	year={2022},
	eprint={2203.02551},
	archivePrefix={arXiv},
	primaryClass={math.PR},
	url={https://arxiv.org/abs/2203.02551}, 
}

@article{Okounkov_1997, title={Proof of a Conjecture of Goulden and Jackson}, volume={49}, DOI={10.4153/CJM-1997-046-6}, number={5}, journal={Canadian Journal of Mathematics}, author={Okounkov, Andrei}, year={1997}, pages={883â€“886}}

@phdthesis{lacroix,
	author={{La Croix, Michael Andrew}},
	title={The combinatorics of the Jack parameter and the genus series for topological maps},
	year={2009},
	publisher="UWSpace",
	url={http://hdl.handle.net/10012/4561}
}

@article{dolega,
	title={Top degree part in $ b $-conjecture for unicellular bipartite maps},
	author={Do{\l}{\k{e}}ga, Maciej},
	journal={arXiv preprint arXiv:1604.03288},
	year={2016}
}